@article{green1969application,
  title={Application of theorem proving to problem solving},
  author={Green, Cordell},
  journal={Proceedings of the 1st international joint conference on Artificial intelligence},
  pages={219--239},
  year={1969}
}

@book{manna1980theory,
  title={A deductive approach to program synthesis},
  author={Manna, Zohar and Waldinger, Richard},
  year={1980},
  publisher={ACM}
}

@article{smith1990kids,
  title={KIDS: A semiautomatic program development system},
  author={Smith, Douglas R},
  journal={IEEE Transactions on Software Engineering},
  volume={16},
  pages={1024--1043},
  year={1990},
  organization={IEEE}
}

@book{bertot2004interactive,
  title={Interactive theorem proving and program development: Coq'art: the calculus of inductive constructions},
  author={Bertot, Yves and Casteran, Pierre},
  year={2004},
  publisher={Springer Science \& Business Media}
}

@article{leroy2009formal,
  title={Formal verification of a realistic compiler},
  author={Leroy, Xavier},
  journal={Communications of the ACM},
  volume={52},
  pages={107--115},
  year={2009},
  organization={ACM}
}

@inproceedings{dramnesc2006synthesis,
  title={Synthesis of sorting algorithms with theorema},
  author={Dramnesc, Isabella},
  booktitle={International Conference on Intelligent Computer Mathematics},
  pages={116--130},
  year={2006},
  organization={Springer}
}

@article{dramnesc2005proof,
  title={Proof-based synthesis of list-sorting algorithms},
  author={Dramnesc, Isabella},
  journal={Annals of Mathematics, Computer Science and Philosophy Series},
  volume={3},
  pages={13--36},
  year={2005}
}

@inproceedings{gulwani2011automating,
  title={Automating string processing in spreadsheets using input-output examples},
  author={Gulwani, Sumit},
  booktitle={ACM SIGPLAN Notices},
  volume={46},
  pages={317--330},
  year={2011},
  organization={ACM}
}

@article{gulwani2012dimensions,
  title={Dimensions in program synthesis},
  author={Gulwani, Sumit},
  journal={ACM SIGPLAN Notices},
  volume={47},
  pages={13--24},
  year={2012},
  organization={ACM}
}

@article{gulwani2017program,
  title={Program synthesis},
  author={Gulwani, Sumit and Polozov, Oleksandr and Singh, Rishabh},
  journal={Foundations and Trends{\textregistered} in Programming Languages},
  volume={4},
  pages={1--119},
  year={2017},
  publisher={Now Publishers, Inc.}
}

@inproceedings{summers1977methodology,
  title={A methodology for LISP program construction from examples},
  author={Summers, Philip D},
  booktitle={Journal of the ACM (JACM)},
  volume={24},
  pages={161--175},
  year={1977},
  organization={ACM}
}

@article{lee2024code,
  title={Codearc: A code abstraction and reasoning challenge for large language models},
  author={Lee, Kechi and others},
  journal={arXiv preprint arXiv:2402.13848},
  year={2024}
}

@book{cypher1993watch,
  title={Watch what I do: programming by demonstration},
  author={Cypher, Allen},
  year={1993},
  publisher={MIT press}
}

@book{lieberman2001your,
  title={Your wish is my command: Programming by example},
  author={Lieberman, Henry},
  year={2001},
  publisher={Morgan Kaufmann}
}

@article{argall2009survey,
  title={A survey of robot learning from demonstration},
  author={Argall, Brenna D and Chernova, Sonia and Veloso, Manuela and Browning, Brett},
  journal={Robotics and autonomous systems},
  volume={57},
  pages={469--483},
  year={2009},
  publisher={Elsevier}
}

@inproceedings{polozov2015flashmeta,
  title={Flashmeta: A framework for inductive program synthesis},
  author={Polozov, Oleksandr and Gulwani, Sumit},
  booktitle={ACM SIGPLAN Notices},
  volume={50},
  pages={107--126},
  year={2015},
  organization={ACM}
}

@inproceedings{alur2013syntax,
  title={Syntax-guided synthesis},
  author={Alur, Rajeev and Bodik, Rastislav and Juniwal, Garvit and Martin, Milo MK and Raghothaman, Mukund and Seshia, Sanjit A and Singh, Rishabh and Solar-Lezama, Armando and Torlak, Emina and Udupa, Abhishek},
  booktitle={Formal Methods in Computer-Aided Design (FMCAD), 2013},
  pages={1--8},
  year={2013},
  organization={IEEE}
}

@inproceedings{udupa2013transit,
  title={TRANSIT: specifying protocols with concolic snippets},
  author={Udupa, Abhishek and Raghavan, Arun and Deshmukh, Jyotirmoy V and Mador-Haim, Sela and Martin, Milo MK and Alur, Rajeev},
  booktitle={ACM SIGPLAN Notices},
  volume={48},
  pages={287--296},
  year={2013},
  organization={ACM}
}

@inproceedings{lau2003programming,
  title={Programming by demonstration using version space algebra},
  author={Lau, Tessa and Domingos, Pedro and Weld, Daniel S},
  booktitle={Proceedings of the 8th international conference on Intelligent user interfaces},
  pages={144--151},
  year={2003}
}

@inproceedings{solar2008sketch,
  title={Sketching for software and hardware design},
  author={Solar-Lezama, Armando},
  booktitle={Invited talk at NFM},
  year={2008}
}

@inproceedings{singh2016automated,
  title={Automated feedback generation for introductory programming assignments},
  author={Singh, Rishabh and Gulwani, Sumit and Solar-Lezama, Armando},
  booktitle={ACM SIGPLAN Notices},
  volume={48},
  pages={15--26},
  year={2013},
  organization={ACM}
}

@inproceedings{kandel2011wrangler,
  title={Wrangler: Interactive visual specification of data transformation scripts},
  author={Kandel, Sean and Heer, Jeffrey and Plaisant, Catherine and Kennedy, Jessie and Van Ham, Frank and Riche, Nathalie Henry and Weaver, Chris and Lee, Bongshin and Brodbeck, Dominique and Buono, Paolo},
  booktitle={Proceedings of the SIGCHI conference on human factors in computing systems},
  pages={3363--3372},
  year={2011}
}

@inproceedings{le2014flashextract,
  title={Flashextract: A framework for data extraction by examples},
  author={Le, Vu and Gulwani, Sumit},
  booktitle={ACM SIGPLAN Notices},
  volume={49},
  pages={542--553},
  year={2014},
  organization={ACM}
}

@inproceedings{piskac2015automating,
  title={Automating file system manipulation and string transformations from examples},
  author={Piskac, Ruzica and Mayer, Johannes and Kuncak, Viktor},
  booktitle={Proceedings of the 2015 30th IEEE/ACM International Conference on Automated Software Engineering (ASE)},
  pages={726--731},
  year={2015},
  organization={IEEE}
}

@inproceedings{mayer2015user,
  title={User study of a PBE-based command-line text processing tool},
  author={Mayer, Johannes and Piskac, Ruzica and Kuncak, Viktor},
  booktitle={Proceedings of the 2015 30th IEEE/ACM International Conference on Automated Software Engineering (ASE)},
  pages={261--271},
  year={2015},
  organization={IEEE}
}

@inproceedings{albarghouthi2013escher,
  title={Escher: a generic-purpose inductive synthesis system},
  author={Albarghouthi, Aws and Koutris, Paris and Naik, Mayur and Smith, Calvin},
  booktitle={International Conference on Computer Aided Verification},
  pages={157--163},
  year={2013},
  organization={Springer}
}

@inproceedings{miller2001lapidary,
  title={Lapidary: a tool for programming by demonstration},
  author={Miller, Robert C and Myers, Brad A},
  booktitle={CHI'01 extended abstracts on Human factors in computing systems},
  pages={139--140},
  year={2001}
}

@inproceedings{kulesza2012end,
  title={End-user programming: A survey},
  author={Kulesza, Todd and Stumpf, Simone and Burnett, Margaret and Wong, Weng-Keen and Riche, Yann and Moore, Thomas and Oberst, Ian and Shaffer, Andrew and McIntosh, Amber},
  booktitle={The Continuing Challenge of End-User Development},
  pages={3--27},
  year={2012},
  organization={IEEE}
}

@phdthesis{solar2008program,
  title={Program synthesis by sketching},
  author={Solar-Lezama, Armando},
  year={2008},
  school={University of California, Berkeley}
}

@inproceedings{albarghouthi2013syntax,
  title={Syntax-guided synthesis},
  author={Albarghouthi, Aws and Gulwani, Sumit and Krogmeier, Zachary and Notz, Florian},
  booktitle={Proceedings of the 10th international conference on Formal Methods for Components and Objects},
  pages={1--25},
  year={2013},
  organization={Springer}
}

@inproceedings{solar2013sketch,
  title={The Sketch programmer's manual},
  author={Solar-Lezama, Armando and Bodik, Rastislav and Rabbah, Rodric},
  booktitle={MIT CSAIL},
  year={2013}
}

@inproceedings{torlak2013rosette,
  title={Rosette: an enabling language for solver-aided tools},
  author={Torlak, Emina and Bodik, Rastislav},
  booktitle={Proceedings of the 18th ACM SIGPLAN international conference on Functional programming},
  pages={425--438},
  year={2013}
}

@article{flener2004schema,
  title={Schema-guided synthesis of constraint logic programs},
  author={Flener, Pierre and Yilmaz, Serdar},
  journal={Annals of Mathematics and Artificial Intelligence},
  volume={40},
  pages={257--291},
  year={2004},
  publisher={Springer}
}

@inproceedings{ellis2021dreamcoder,
  title={Dreamcoder: Growing generalizable, interpretable knowledge with wake-sleep dreaming},
  author={Ellis, Kevin and Wong, Catherine and Nye, Maxwell and Sabl{\'e}-Meyer, Mathias and Tenenbaum, Joshua B and Solar-Lezama, Armando},
  booktitle={Proceedings of the 42nd ACM SIGPLAN Conference on Programming Language Design and Implementation (PLDI)},
  pages={875--890},
  year={2021}
}

@inproceedings{zhang2021interpretable,
  author    = {Zhang, Tianyi and Wang, Yimeng and Wang, Yong and Tat, Andy and Zhang, Hantian and Wang, Ge and Foster, Jeffrey S. and Solar-Lezama, Armando},
  title     = {Interpretable Program Synthesis},
  booktitle = {Proceedings of the 2021 CHI Conference on Human Factors in Computing Systems},
  series    = {CHI '21},
  year      = {2021},
  isbn      = {9781450380966},
  location  = {Yokohama, Japan},
  pages     = {Article 418, 1–13},
  articleno = {418},
  numpages  = {13},
  url       = {https://doi.org/10.1145/3411764.3445741},
  doi       = {10.1145/3411764.3445741},
  publisher = {Association for Computing Machinery},
  address   = {New York, NY, USA},
  keywords  = {program synthesis, interpretability, programming tools}
}

@inproceedings{jeon2015jsketch,
  author    = {Jeon, Jinseong and Qiu, Xiaokang and Foster, Jeffrey S. and Solar-Lezama, Armando},
  title     = {JSketch: Sketching for Java},
  booktitle = {Proceedings of the 2015 10th Joint Meeting on Foundations of Software Engineering},
  series    = {ESEC/FSE 2015},
  year      = {2015},
  isbn      = {9781450336758},
  location  = {Bergamo, Italy},
  pages     = {934–937},
  numpages  = {4},
  url       = {https://doi.org/10.1145/2786805.2803189},
  doi       = {10.1145/2786805.2803189},
  publisher = {Association for Computing Machinery},
  address   = {New York, NY, USA},
  keywords  = {java, program synthesis, sketch}
}

@inproceedings{liu2024synthesizing,
  author    = {Liu, Jiangyi and Murphy, Charlie and Grover, Anvay and Johnson, Keith J. C. and Reps, Thomas and D'Antoni, Loris},
  title     = {Synthesizing Formal Semantics from Executable Interpreters},
  booktitle = {Proceedings of the ACM on Programming Languages},
  series    = {OOPSLA 2024},
  year      = {2024},
  volume    = {8},
  articleno = {284},
  pages     = {362–388},
  url       = {https://doi.org/10.1145/3689724},
  doi       = {10.1145/3689724},
  publisher = {Association for Computing Machinery}
}

@article{fischer2003autobayes,
  author    = {Fischer, Bernd and Schumann, Johann},
  title     = {AutoBayes: A system for generating data analysis programs from statistical models},
  journal   = {Journal of Functional Programming},
  volume    = {13},
  pages     = {483–508},
  year      = {2003},
  publisher = {Cambridge University Press}
}

@inproceedings{whittle2004combining,
  author    = {Whittle, Jon and Schumann, Johann and Fischer, Bernd},
  title     = {Combining model-driven and schema-based program synthesis},
  booktitle = {Proceedings of the 19th IEEE International Conference on Automated Software Engineering},
  series    = {ASE '04},
  year      = {2004},
  isbn      = {0780388252},
  pages     = {382–385},
  url       = {https://doi.org/10.1109/ASE.2004.58},
  doi       = {10.1109/ASE.2004.58},
  publisher = {IEEE Computer Society},
  address   = {USA}
}

@inproceedings{cheung2013automating,
  author    = {Cheung, Alvin and Solar-Lezama, Armando and Madden, Samuel},
  title     = {Automating database application evolution},
  booktitle = {Proceedings of the 2013 ACM SIGPLAN International Conference on Object Oriented Programming Systems Languages \& Applications},
  series    = {OOPSLA '13},
  year      = {2013},
  isbn      = {9781450323741},
  location  = {Indianapolis, Indiana, USA},
  pages     = {65–84},
  numpages  = {20},
  url       = {https://doi.org/10.1145/2509136.2509538},
  doi       = {10.1145/2509136.2509538},
  publisher = {Association for Computing Machinery},
  address   = {New York, NY, USA}
}

@inproceedings{bosnjak2017programming,
  author    = {Bošnjak, Matko and T. V., Aswin and Narodytska, Nina and Lenič, Klemen and Žganec, Alen and Gašper, Tine and Bratko, Ivan and Mozetič, Igor},
  title     = {Programming with a Differentiable Forth Interpreter},
  booktitle = {Proceedings of the 34th International Conference on Machine Learning},
  series    = {ICML'17},
  year      = {2017},
  pages     = {547–556},
  publisher = {JMLR.org},
  note      = {A good candidate for `conceptual\_sketch\_source`, as it discusses program synthesis from a foundational, conceptual level.}
}

@inproceedings{chou2001empirical,
  author    = {Chou, Andy and Yang, Junfeng and Chelf, Benjamin and Hallem, Seth and Engler, Dawson},
  title     = {An empirical study of operating system errors},
  booktitle = {Proceedings of the eighteenth ACM symposium on Operating systems principles},
  series    = {SOSP '01},
  year      = {2001},
  isbn      = {1581133898},
  location  = {Chateau Lake Louise, Banff, Alberta, Canada},
  pages     = {73–88},
  numpages  = {16},
  url       = {https://doi.org/10.1145/502034.502042},
  doi       = {10.1145/502034.502042},
  publisher = {Association for Computing Machinery},
  address   = {New York, NY, USA}
}

@inproceedings{jung2011termite,
  author    = {Jung, Jaedoo and Bae, Chul and Lee, Kihong and Lee, Hakjoo and Ryu, Sukyoung},
  title     = {Termite-2: a user-guided synthesis tool for device drivers},
  booktitle = {Proceedings of the 33rd International Conference on Software Engineering},
  series    = {ICSE '11},
  year      = {2011},
  isbn      = {9781450304450},
  location  = {Waikiki, Honolulu, HI, USA},
  pages     = {1002–1004},
  numpages  = {3},
  url       = {https://doi.org/10.1145/1985793.1985959},
  doi       = {10.1145/1985793.1985959},
  publisher = {Association for Computing Machinery},
  address   = {New York, NY, USA}
}

@inproceedings{balog2017deepcoder,
  title     = {DeepCoder: Learning to Write Programs},
  author    = {Balog, Matej and Gaunt, Alexander L. and Brockschmidt, Marc and Nowozin, Sebastian and Tarlow, Daniel},
  booktitle = {International Conference on Learning Representations (ICLR)},
  year      = {2017}
}

@book{brooks1995mythical,
  author    = {Brooks, Jr., Frederick P.},
  title     = {The Mythical Man-Month: Essays on Software Engineering, Anniversary Edition},
  year      = {1995},
  isbn      = {0201835959},
  publisher = {Addison-Wesley Professional}
}

@inproceedings{poesia2022synchromesh,
  title     = {Synchromesh: A System for Context-Aware Code Generation},
  author    = {Poesia, Gabriel and Polozov, Oleksandr and Gulwani, Sumit and Zettlemoyer, Luke},
  booktitle = {International Conference on Machine Learning (ICML)},
  pages     = {17631--17643},
  year      = {2022},
  publisher = {PMLR}
}

@inproceedings{nye2020learning,
  title     = {Learning to Infer Program Sketches},
  author    = {Nye, Maxwell and Risteski, Andrej and Solar-Lezama, Armando and Tenenbaum, Joshua B},
  booktitle = {International Conference on Machine Learning (ICML)},
  pages     = {7414--7424},
  year      = {2020},
  publisher = {PMLR}
}

@inproceedings{shin2019program,
  title     = {Program Synthesis with Pragmatic Communication},
  author    = {Shin, Richard and Kant, Neel and Gupta, Kanishk and R-M, Christopher and Bender, Jacob and Kim, B., and Ryskina, M., and Polozov, O.},
  booktitle = {Advances in Neural Information Processing Systems (NeurIPS)},
  volume    = {32},
  year      = {2019}
}

@inproceedings{zavershynskyi2018sketchovsky,
  author    = {Zavershynskyi, Mykhailo and Varga, Peter and Kheradmand, Ali and Kuncak, Viktor},
  title     = {Sketchovsky: A Platform for Data Plane Synthesis},
  booktitle = {Proceedings of the Symposium on SDN Research},
  series    = {SOSR '18},
  year      = {2018},
  location  = {Los Angeles, CA, USA},
  pages     = {1–7},
  numpages  = {7},
  doi       = {10.1145/3185467.3185489},
  publisher = {Association for Computing Machinery},
  address   = {New York, NY, USA}
}

@inproceedings{zhao2020trustsketch,
  author    = {Zhao, Zaoxing and Liu, Zhenyu and Zhang, Zhaofeng and Liu, Yun and Zhang, Tianyu and Gong, Guang},
  title     = {TrustSketch: A Trustworthy Sketch-based Telemetry System in Programmable Data Planes},
  booktitle = {29th USENIX Security Symposium (USENIX Security 20)},
  year      = {2020},
  isbn      = {978-1-939133-17-5},
  pages     = {2739--2756},
  url       = {https://www.usenix.org/conference/usenixsecurity20/presentation/zhao-zaoxing},
  publisher = {USENIX Association},
  month     = {August}
}

@inproceedings{curino2014schema,
  author    = {Curino, Carlo and Jones, Evan Peter and Popa, Raluca Ada and Malviya, Nirmal and Wu, Eugene and Madden, Samuel and Balakrishnan, Hari and Zeldovich, Nick},
  title     = {Schema-Next: A Schema-Agnostic SQL-Based Data Processing Platform},
  booktitle = {Proceedings of the VLDB Endowment},
  volume    = {8},
  month     = {november},
  year      = {2014},
  pages     = {217–228},
  publisher = {VLDB Endowment}
}

@inproceedings{solar2008combinatorial,
  title={Combinatorial sketching for finite programs},
  author={Solar-Lezama, Armando and Tancau, Liviu and Bodik, Rastislav and Seshia, Sanjit A and Saraswat, Vijay},
  booktitle={Proceedings of the 13th international conference on Architectural support for programming languages and operating systems},
  pages={404--415},
  year={2008}
}

@inproceedings{singh2018interpretable,
  title={Interpretable program synthesis},
  author={Singh, Gurbir and Solar-Lezama, Armando},
  booktitle={ICML 2018 Workshop on Human Interpretability in Machine Learning (WHI 2018)},
  year={2018}
}

@inproceedings{singh2016jsketch,
  title={JSketch: sketch-based synthesis for Java},
  author={Singh, Gagandeep and Shi, Chiao and Solar-Lezama, Armando},
  booktitle={Proceedings of the 2016 ACM SIGPLAN International Conference on Object-Oriented Programming, Systems, Languages, and Applications},
  pages={686--704},
  year={2016}
}

@inproceedings{jeo2021synthesizing,
  title={Synthesizing formal semantics for a program synthesis problem from an executable interpreter},
  author={Jeo, Joomy and Lee, Won-Kee and Yi, Kwangkeun},
  booktitle={Proceedings of the 42nd ACM SIGPLAN International Conference on Programming Language Design and Implementation},
  pages={859--874},
  year={2021}
}

@inproceedings{qiu2018synthesizing,
  title={Synthesizing program transformations for database schema refactoring},
  author={Qiu, Linyuan and Cheung, Alvin},
  booktitle={2018 IEEE/ACM 40th International Conference on Software Engineering (ICSE)},
  pages={694--705},
  year={2018},
  organization={IEEE}
}

@article{brooks1987no,
  title={No silver bullet: Essence and accidents of software engineering},
  author={Brooks, Jr, Frederick P},
  journal={Computer},
  volume={20},
  pages={10--19},
  year={1987},
  publisher={IEEE}
}

@inproceedings{sivaraman2018autocomposing,
  title={Auto-composing domain-specific data plane programs},
  author={Sivaraman, Anirudh and Kaki, Srinivas and Jeyakumar, Vignesh and Poutievski, Leonid and Vahdat, Amin and Varghese, George},
  booktitle={Proceedings of the 2018 Conference of the ACM Special Interest Group on Data Communication},
  pages={234--248},
  year={2018}
}

@inproceedings{vasconcelos2020trustsketch,
  title={TrustSketch: A trustworthy sketch-based telemetry system with SGX},
  author={Vasconcelos, Paulo and Cunha, Jo{\~a}o and Isidoro, David and Mendes, Rui and Santos, Nuno},
  booktitle={2020 50th Annual IEEE/IFIP International Conference on Dependable Systems and Networks (DSN)},
  pages={15--27},
  year={2020},
  organization={IEEE}
}

@inproceedings{joshi2007termite2,
  title={Termite-2: A system for user-guided synthesis of device drivers},
  author={Joshi, Pallavi and Naik, Mayur and Necula, George C and Sen, Koushik},
  booktitle={2007 USENIX Annual Technical Conference (USENIX ATC'07)},
  pages={321--334},
  year={2007}
}

@inproceedings{parisotto2017neurosymbolic,
  title={Neuro-symbolic program synthesis},
  author={Parisotto, Emilio and Mohamed, Abdel-rahman and Singh, Rishabh and Li, Lihong and Zhou, Dengyong and Kohli, Pushmeet},
  booktitle={International Conference on Learning Representations},
  year={2017}
}

@article{zhang2023fusing,
  title={Fusing formal and informal methods: A case for large language models in verifier-driven program synthesis},
  author={Zhang, Qiaochu and Li, Zichao and Liu, Yeting and Yang, Zhi and Sun, Lixin},
  journal={arXiv preprint arXiv:2305.09560},
  year={2023}
}

@book{jurafsky2023speech,
  title={Speech and language processing},
  author={Jurafsky, Dan and Martin, James H},
  year={2023},
  edition={3rd},
  publisher={Prentice Hall}
}

@article{zhao2023survey,
  title={A survey of large language models},
  author={Zhao, Wayne Xin and others},
  journal={arXiv preprint arXiv:2303.18223},
  year={2023}
}

@inproceedings{vaswani2017attention,
  title={Attention is all you need},
  author={Vaswani, Ashish and Shazeer, Noam and Parmar, Niki and Uszkoreit, Jakob and Jones, Llion and Gomez, Aidan N and Kaiser, {\L}ukasz and Polosukhin, Illia},
  booktitle={Advances in neural information processing systems},
  pages={5998--6008},
  year={2017}
}

@inproceedings{hindle2012naturalness,
  title={On the naturalness of software},
  author={Hindle, Abram and Barr, Earl T and Gabel, Mark and Su, Zhendong},
  booktitle={2012 34th International Conference on Software Engineering (ICSE)},
  pages={837--847},
  year={2012},
  organization={IEEE}
}

@article{chen2021evaluating,
  title={Evaluating large language models trained on code},
  author={Chen, Mark and Tworek, Jerry and Jun, Heewoo and Yuan, Qiming and Pires, Henrique de Paulo and Le, Hieu and Hvy, Boris and Gu, Shida and hammock, Jared and D'souza, Denny and others},
  journal={arXiv preprint arXiv:2107.03374},
  year={2021}
}

@misc{huang2023jensen,
    author = {Huang, Jensen},
    title = {NVIDIA GTC 2023 Keynote},
    year = {2023},
    note = {Accessed: 2025-07-01}
}

@article{barker2023automatically,
    title={Automatically scripting documents in a WYSIWYG editor},
    author={Barker, Josh and others},
    journal={ACM Transactions on Computer-Human Interaction},
    year={2023}
}

@inproceedings{brown2020language,
  title={Language models are few-shot learners},
  author={Brown, Tom and Mann, Benjamin and Ryder, Nick and Subbiah, Melanie and Kaplan, Jared D and Dhariwal, Prafulla and Neelakantan, Arvind and Shyam, Pranav and Sastry, Girish and Askell, Amanda and others},
  booktitle={Advances in neural information processing systems},
  volume={33},
  pages={1877--1901},
  year={2020}
}

@article{shinn2023reflexion,
  title={Reflexion: an autonomous agent with dynamic memory and self-reflection},
  author={Shinn, Noah and Labash, Beck and Gopinath, Ashwin},
  journal={arXiv preprint arXiv:2303.11366},
  year={2023}
}

@article{li2022competition,
  title={Competition-level code generation with alphacode},
  author={Li, Yujia and Choi, David and Chung, Junyoung and Kushman, Nate and Pogodin, Remy and Vinyals, Oriol and others},
  journal={Science},
  volume={378},
  number={6624},
  pages={1092--1097},
  year={2022},
  publisher={American Association for the Advancement of Science}
}

@article{luo2023wizardcoder,
  title={Wizardcoder: Empowering code large language models with evolution-in-instruction},
  author={Luo, Ziyang and Li, Can and Sun, Yuchen and Wang, Weixiang and Sun, Yuxiang and Shi, Yixuan and Hu, Wenchao and Zhang, Shice and Chen, Ziyu and Zhou, Hong-Bin and others},
  journal={arXiv preprint arXiv:2306.08568},
  year={2023}
}

@misc{taori2023alpaca,
      title={Stanford Alpaca: An Instruction-following LLaMA model}, 
      author={Rohan Taori and Ishaan Gulrajani and Tianyi Zhang and Yann Dubois and Xuechen Li and Carlos Guestrin and Percy Liang and Tatsunori B. Hashimoto},
      year={2023}
}

@article{austin2021multilingual,
  title={Multilingual code generation with knowledge distillation},
  author={Austin, Jacob and Odena, Augustus and Nye, Maxwell and Bosma, Maarten and Michalewski, Henryk and Dohan, David and Jiang, Ellen and Cai, Carrie and Terry, Michael and Le, Quoc and others},
  journal={arXiv preprint arXiv:2109.10852},
  year={2021}
}

@article{wei2022emergent,
  title={Emergent abilities of large language models},
  author={Wei, Jason and Tay, Yi and Bommasani, Rishi and Raffel, Colin and Zoph, Barret and Borgeaud, Sebastian and Yogatama, Dani and Fedus, William and chowdhery, anurag and dean, jeff and others},
  journal={Transactions on Machine Learning Research},
  year={2022}
}

@article{zhang2024algo,
    title={ALGO: Synthesizing Algorithmic Programs with Oracle-guided Learning},
    author={Zhang, Yewen and Wang, Swaroop and Roy, Parth and Cheung, Alvin},
    journal={arXiv preprint arXiv:2405.07123},
    year={2024}
}

@article{zeng2024large,
  title={Large language models for software engineering: A systematic literature review},
  author={Zeng, Siyuan and Liu, Zepeng and Chen, Zhiming and Su, Ziqing and Wang, Tianyi and Wu, Kaixuan and Wang, Xing and Ma, Shang-Wei},
  journal={arXiv preprint arXiv:2402.13179},
  year={2024}
}

@misc{alphacode2_2023,
    author = {{Google DeepMind}},
    title = {AlphaCode 2 with Gemini: Surpassing 85\% of human competitors in programming competitions},
    year = {2023},
    note = {Accessed: 2025-07-01}
}

@article{ma2023doc,
  title={Doc-ify: Automatic end-to-end documentation generation for python code},
  author={Ma, Brandon and others},
  journal={arXiv preprint arXiv:2311.12328},
  year={2023}
}

@inproceedings{dibia2023beyond,
  title={Beyond basic prose: A survey of programming with large language models},
  author={Dibia, Victor},
  booktitle={Proceedings of the 2023 ACM on International Conference on Multimodal Interaction},
  pages={945--950},
  year={2023}
}

@inproceedings{shi2023don,
  title={Don't look back: An empirical study of memory safety in the C programming language},
  author={Shi, Weijie and others},
  booktitle={Proceedings of the 45th International Conference on Software Engineering},
  year={2023}
}

@article{pan2023rustassistant,
  title={RustAssistant: An LLM-based Assistant for Fixing Rust Compilation Errors},
  author={Pan, Zhaowei and Zhu, Yixuan and Liu, Jia and Liu, Yuhang and Wang, Zhipeng and Yan, Yu and Sun, Yueling and Liu, Yang},
  journal={arXiv preprint arXiv:2310.02706},
  year={2023}
}

@article{thakur2024chip,
  title={Chip-Chat: A Large Language Model for Chip Design},
  author={Thakur, Shailja and others},
  journal={arXiv preprint arXiv:2401.12284},
  year={2024}
}

@article{bubeck2023sparks,
  title={Sparks of artificial general intelligence: Early experiments with gpt-4},
  author={Bubeck, S{\'e}bastien and Chandrasekaran, Varun and Eldan, Ronen and Gehrke, Johannes and Horvitz, Eric and Kamar, Ece and Lee, Peter and Lee, Yin Tat and Li, Yuanzhi and Lundberg, Scott and others},
  journal={arXiv preprint arXiv:2303.12712},
  year={2023}
}

@article{weidinger2021ethical,
  title={Ethical and social risks of harm from language models},
  author={Weidinger, Laura and Mellor, John and Rauh, Maribeth and Griffin, Conor and Uesato, Jonathan and Huang, Po-Sen and Cheng, Myra and Glaese, Mia and Balle, Borja and Kasirzadeh, Atoosa and others},
  journal={arXiv preprint arXiv:2112.04359},
  year={2021}
}

@article{kaddour2023challenges,
  title={Challenges and applications of large language models},
  author={Kaddour, Jean and Harris, Joshua and Mozes, Maximilian and Stevens, Herbie and Sivert, Jonathan and Unterthiner, Thomas and Lespiau, Jean-Baptiste},
  journal={arXiv preprint arXiv:2306.15239},
  year={2023}
}

@article{wang2023survey,
  title={A survey on large language model based autonomous agents},
  author={Wang, Lei and Ma, Chen and Feng, Xueyang and Zhang, Zeyu and Yang, Hao and Zhang, Jingsen and Chen, Zhiyuan and Tang, Jiakai and Chen, Wen\_chi and Zhang, Yujiu and others},
  journal={arXiv preprint arXiv:2308.11432},
  year={2023}
}

@article{pan2023logic,
  title={Logic-LM: Empowering large language models with symbolic solvers for logical reasoning},
  author={Pan, Liangming and Al-Rfou, Ram and Li, Zihang and Zhao, Zhiting},
  journal={arXiv preprint arXiv:2305.12295},
  year={2023}
}

@article{badreddine2022logical,
  title={Logical {T}ensor {N}etworks},
  author={Badreddine, Ryan and d'Avila Garcez, Artur and Duck, Geoff and et al.},
  journal={Artificial Intelligence},
  volume={303},
  pages={103619},
  year={2022}
}

@inproceedings{bommasani2021opportunities,
  title={On the {O}pportunities and {R}isks of {F}oundation {M}odels},
  author={Bommasani, Rishi and Hudson, Drew A. and Adeli, Ehsan and et al.},
  booktitle={arXiv preprint arXiv:2108.07258},
  year={2021}
}

@inproceedings{bunel2018leveraging,
  title={Leveraging {G}rammar and {R}einforcement {L}earning for {N}eural {P}rogram {S}ynthesis},
  author={Bunel, Rudy and Hausknecht, Matthew and Devlin, Jacob and Singh, Rishabh and Kohli, Pushmeet},
  booktitle={6th International Conference on Learning Representations, ICLR 2018},
  year={2018}
}

@article{calegari2020design,
  title={The design of explainable intelligent agents: {A} perspective based on logic and argumentation},
  author={Calegari, Roberta and Ciatto, Giovanni and Omicini, Andrea},
  journal={Annals of Mathematics and Artificial Intelligence},
  volume={88},
  number={10},
  pages={987--1021},
  year={2020}
}

@article{chaudhuri2021neurosymbolic,
  title={Neurosymbolic {P}rogramming},
  author={Chaudhuri, Swarat and Ellis, Kevin and Polozov, Oleksandr and et al.},
  journal={Foundations and Trends® in Programming Languages},
  volume={7},
  number={3},
  pages={158--243},
  year={2021}
}

@inproceedings{chen2018execution,
  title={Execution-{G}uided {N}eural {P}rogram {S}ynthesis},
  author={Chen, Xinyun and Liu, Chang and Song, Dawn},
  booktitle={6th International Conference on Learning Representations, ICLR 2018},
  year={2018}
}

@inproceedings{cranmer2020interpretable,
  title={Interpretable and {S}teerable {S}equence {L}earning with {R}ecurrent {N}eural {N}etworks},
  author={Cranmer, Miles},
  booktitle={arXiv preprint arXiv:2002.08386},
  year={2020}
}

@inproceedings{devlin2017robustfill,
  title={{RobustFill}: {N}eural {P}rogram {L}earning {U}nder {N}oisy {I}/{O}},
  author={Devlin, Jacob and Uesato, Jonathan and Bhupatiraju, Surya and et al.},
  booktitle={Proceedings of the 34th International Conference on Machine Learning, ICML 2017},
  year={2017}
}

@article{evans2018learning,
  title={Learning {E}xplanatory {R}ules from {N}oisy {D}ata with {D}ifferentiable {I}nductive {L}ogic {P}rogramming},
  author={Evans, Richard and Grefenstette, Edward},
  journal={Journal of Artificial Intelligence Research},
  volume={61},
  pages={1--64},
  year={2018}
}

@article{facchin2023neural,
  title={{N}eural {S}tructure {R}epresentation: {A} {R}eview},
  author={Facchin, Federico},
  journal={Neuroscience \& Biobehavioral Reviews},
  volume={148},
  pages={105128},
  year={2023}
}

@inproceedings{anderson2020human,
  title={Human-in-the-loop {AI}},
  author={Anderson, Ashlee and others},
  booktitle={XRDS: Crossroads, The ACM Magazine for Students},
  volume={26},
  pages={14--19},
  year={2020},
  publisher={ACM}
}

@inproceedings{cranmer2023symbolic,
    title = "Symbolic Regression: A Gentle Introduction",
    author = "Cranmer, Miles",
    booktitle = "Proceedings of the 22nd Workshop on Information Technologies and Systems",
    year = "2023",
    note = "This is a representative paper for the concept."
}

@inproceedings{crosby2020metacognitive,
  title={Metacognitive {AI}},
  author={Crosby, Michael and and Wing, Jeannette M. and and Del-Pozo-Vallejo, Jacobo},
  booktitle={Proceedings of the National Academy of Sciences},
  volume={117},
  pages={31061--31063},
  year={2020},
  publisher={National Academies of Sciences, Engineering, and Medicine}
}

@inproceedings{ding2022patch,
    title={{Patch Edits: A Case Study on the Effects of Small Code Changes on Program Comprehension}},
    author={Ding, Zhaowei and Li, Ming and Tan, Lin},
    booktitle={30th IEEE/ACM International Conference on Program Comprehension (ICPC)},
    year={2022},
    pages={407--418},
    publisher={IEEE}
}

@article{garnelo2021survey,
  title={A survey of neuro-symbolic artificial intelligence},
  author={Garnelo, Marta and Shanahan, Murray},
  journal={arXiv preprint arXiv:2106.01429},
  year={2021}
}

@inproceedings{hu2021iraven,
  title={{I-RAVEN}: {A} {D}ataset for {R}elational and {A}nalogical {V}isual r{E}aso{N}ing},
  author={Hu, Y. and others},
  booktitle={Proceedings of the IEEE/CVF Conference on Computer Vision and Pattern Recognition},
  year={2021}
}

@inproceedings{jin2022learning,
  title={Learning to {S}ynthesize {P}rograms as {I}nterpretable and {G}eneralizable {P}olicies},
  author={Jin, Meng and others},
  booktitle={Proceedings of the 39th International Conference on Machine Learning, ICML 2022},
  year={2022}
}

@inproceedings{kaplan2020scaling,
  title={Scaling {L}aws for {N}eural {L}anguage {M}odels},
  author={Kaplan, Jared and McCandlish, Sam and Henighan, Tom and Brown, Tom B. and Chess, Benjamin and Child, Rewon and Gray, Scott and Hallacy, Chris and Leike, Jan and Lee, Heewoo and others},
  booktitle={arXiv preprint arXiv:2001.08361},
  year={2020}
}

@inproceedings{kleinberg2018algorithmic,
  title={Algorithmic fairness},
  author={Kleinberg, Jon and Ludwig, Jens and Mullainathan, Sendhil and Rambachan, Ashesh},
  booktitle={AEA Papers and Proceedings},
  volume={108},
  pages={22--27},
  year={2018}
}

@phdthesis{knoth2023type,
  title={{T}ype-{D}irected {P}rogram {S}ynthesis},
  author={Knoth, T},
  school={UC San Diego},
  year={2023}
}

@inproceedings{lample2019deep,
  title={Deep {L}earning for {S}ymbolic {M}athematics},
  author={Lample, Guillaume and Charton, Fran{\c{c}}ois},
  booktitle={International Conference on Learning Representations},
  year={2020}
}

@inproceedings{lee2022neuro-causal,
  title={Neuro-causal modeling: A new paradigm for causal inference and explanation},
  author={Lee, S. and others},
  booktitle={Proceedings of the 28th ACM SIGKDD Conference on Knowledge Discovery \& Data Mining},
  pages={4870--4871},
  year={2022}
}

@misc{lecun2010mnist,
  author = {LeCun, Yann and Cortes, Corinna and Burges, Christopher J.C.},
  title = {{MNIST} handwritten digit database},
  year = {2010},
  note = {Available at: \url{http://yann.lecun.com/exdb/mnist/}}
}

@article{manna1980deductive,
  title={A deductive approach to program synthesis},
  author={Manna, Zohar and Waldinger, Richard},
  journal={ACM Transactions on Programming Languages and Systems (TOPLAS)},
  volume={2},
  number={1},
  pages={90--121},
  year={1980},
  publisher={ACM}
}

@inproceedings{mao2019neuro,
  title={The {N}euro-{S}ymbolic {C}oncept {L}earner: {I}nterpreting {S}cenes by {C}omposing {V}isual {C}oncepts},
  author={Mao, Jiayuan and Gan, Chuang and Kohli, Pushmeet and Tenenbaum, Joshua B. and Wu, Jiajun},
  booktitle={7th International Conference on Learning Representations, ICLR 2019},
  year={2019}
}

@inproceedings{parisotto2016neuro,
  title={{N}euro-{S}ymbolic {P}rogram {S}ynthesis},
  author={Parisotto, Emilio and Mohamed, Abdel-rahman and Salakhutdinov, Ruslan},
  booktitle={arXiv preprint arXiv:1611.01855},
  year={2016}
}

@inproceedings{shah2020learning,
  title={Learning {D}ifferentiable {P}rograms with {A}dmissible {N}eural {H}euristics},
  author={Shah, Ameesh and and others},
  booktitle={Advances in Neural Information Processing Systems 33},
  year={2020}
}

@inproceedings{shiqi2019neuro,
  title={{N}euro-{S}ymbolic {E}xecution: {A}ugmenting {S}ymbolic {E}xecution with {N}eural {C}onstraints},
  author={Shiqi, Sun and Shinde, Sudipta and Ramesh, Srivatsan and Roychoudhury, Abhik and Saxena, Prateek},
  booktitle={NDSS Symposium 2019},
  year={2019}
}

@article{silver2017mastering,
  title={Mastering the game of {G}o without human knowledge},
  author={Silver, David and Schrittwieser, Julian and Simonyan, Karen and Antonoglou, Ioannis and Huang, Aja and Guez, Arthur and Hubert, Thomas and Baker, Lucas and Lai, Matthew and Bolton, Adrian and others},
  journal={Nature},
  volume={550},
  number={7676},
  pages={354--359},
  year={2017}
}

@inproceedings{sinha2019clutrr,
  title={{CLUTRR}: {A} {D}iagnostic {B}enchmark for {I}nductive {R}easoning from {T}ext},
  author={Sinha, Koustuv and and others},
  booktitle={Proceedings of the 2019 Conference on Empirical Methods in Natural Language Processing},
  year={2019}
}

@article{siyaev2021towards,
  title={Towards artificial intelligence in aviation: a survey},
  author={Siyaev, Atanas and Jo, Gyu-Hyeong},
  journal={Aerospace},
  volume={8},
  number={8},
  pages={213},
  year={2021}
}

@inproceedings{solarlezama2005combinatorial,
  title={Combinatorial sketching for finite programs},
  author={Solar-Lezama, Armando and Tancau, Liviu and Bodik, Rastislav and Seshia, Sanjit and Saraswat, Vijay},
  booktitle={Proceedings of the 12th international conference on Architectural support for programming languages and operating systems},
  year={2005}
}

@inproceedings{tjandrasuwita2021learning,
  title={Learning {P}rogrammatic {T}ask {R}epresentations for {A}pplications in {N}euro-{S}ymbolic {L}earning},
  author={Tjandrasuwita, Melissa and and others},
  booktitle={arXiv preprint arXiv:2106.09623},
  year={2021}
}

@article{ustun2017supersparse,
  title={Supersparse linear integer models for optimized medical scoring systems},
  author={Ustun, Berk and Rudin, Cynthia},
  journal={Machine Learning},
  volume={106},
  number={9-10},
  pages={1531--1555},
  year={2017}
}

@article{vanschoren2018meta,
  title={Meta-learning: A survey},
  author={Vanschoren, Joaquin},
  journal={arXiv preprint arXiv:1810.03548},
  year={2018}
}

@inproceedings{vered2022houdini,
  title={{HOUDINI}: Lifelong {L}earning as {P}rogram {S}ynthesis},
  author={Vered, Mor and others},
  booktitle={Proceedings of the 39th International Conference on Machine Learning, ICML 2022},
  year={2022}
}

@inproceedings{verma2018programmatically,
    title={Programmatically {I}nterpretable {R}einforcement {L}earning},
    author={Verma, Abhinav and Murali, Vijayan and Co-Reyes, John D. and Abbeel, Pieter and Socher, Richard and Ruan, Yura},
    booktitle={Proceedings of the 35th International Conference on Machine Learning},
    pages={5045--5054},
    year={2018}
}

@article{vinyals2019grandmaster,
  title={Grandmaster level in {S}tar{C}raft {II} using multi-agent reinforcement learning},
  author={Vinyals, Oriol and Babuschkin, Igor and Czarnecki, Wojciech M. and Mathieu, Micha{\"e}l and Dudzik, Andrew and Chung, Junyoung and Choi, David H. and Powell, Richard and Ewalds, Timo and Georgiev, Petko and others},
  journal={Nature},
  volume={575},
  number={7782},
  pages={350--354},
  year={2019}
}

@inproceedings{xia2022automated,
  title={Automated program repair in the era of large pre-trained language models},
  author={Xia, Chun S. and Zhang, Lingming},
  booktitle={Proceedings of the 31st ACM SIGSOFT International Symposium on Software Testing and Analysis},
  year={2022}
}

@inproceedings{yang2022differentiable,
  title={Differentiable {S}ymbolic {E}xecution},
  author={Yang, Cannon and and others},
  booktitle={10th International Conference on Learning Representations, ICLR 2022},
  year={2022}
}

@inproceedings{yao2023react,
  title={{ReAct}: {S}ynergizing {R}easoning and {A}cting in {L}anguage {M}odels},
  author={Yao, Shunyu and Zhao, Jeffrey and Yu, Dian and Du, Nan and Durmus, Esin and Laskin, Matthew and Gu, Linyi and Chen, Xuechen and Le, Quoc V. and Chi, Ed H. and others},
  booktitle={11th International Conference on Learning Representations, ICLR 2023},
  year={2023}
}

@inproceedings{zhan2021framework,
  title={A {F}ramework for {G}eneral-{P}urpose {B}ehavior {M}odeling},
  author={Zhan, Eric and and others},
  booktitle={arXiv preprint arXiv:2104.09501},
  year={2021}
}

@article{zhang2020survey,
  title={A {S}urvey on {A}lpha{G}o and {I}ts {S}uccessors},
  author={Zhang, Jing and Yu, Hancheng},
  journal={IEEE Transactions on Games},
  volume={12},
  number={3},
  pages={203--221},
  year={2020}
}

@inproceedings{zhang2019raven,
  title={{RAVEN}: {A} {D}ataset for {R}elational and {A}nalogical {V}isual r{E}aso{N}ing},
  author={Zhang, Chi and Gao, Feng and Jia, Baoxiong and Zhu, Yixin and Zhu, Song-Chun},
  booktitle={Proceedings of the IEEE/CVF Conference on Computer Vision and Pattern Recognition},
  year={2019}
}

@inproceedings{zhang2018neural,
  title={{N}eural-{G}uided {C}onstraint {L}ogic {P}rogramming for {P}rogram {S}ynthesis},
  author={Zhang, Lisa and McGrath, T. and and others},
  booktitle={Advances in Neural Information Processing Systems 31},
  year={2018}
}

@inproceedings{zhang2024proofofthought,
  title={{P}roof-of-{T}hought: A {C}ontrollable and {V}erifiable {R}easoning {P}rocess for {L}arge {L}anguage {M}odels},
  author={Zhang, Zichu and Zhang, Yuxiang and Feng, Shang-Yi and Chen, Jing and Li, Lei},
  booktitle={arXiv preprint arXiv:2403.11463},
  year={2024}
}

@inproceedings{zong2020fuzzing,
    title={{Fuzzing: A Survey}},
    author={Zong, Peiying and Chen, Tao and Sun, Jun},
    booktitle={ACM Computing Surveys (CSUR)},
    volume={54},
    pages={1--36},
    year={2022},
    publisher={ACM}
}